<marc:record xmlns:marc="http://www.loc.gov/MARC21/slim" xmlns:xsi="http://www.w3.org/2001/XMLSchema-instance" xsi:schemaLocation="http://www.loc.gov/MARC21/slim http://www.loc.gov/standards/marcxml/schema/MARC21slim.xsd">
  <marc:leader>00000cam a22      a 4500</marc:leader>
  <marc:controlfield tag="001">002854073</marc:controlfield>
  <marc:controlfield tag="003">OCoLC</marc:controlfield>
  <marc:controlfield tag="005">20120629122347.0</marc:controlfield>
  <marc:controlfield tag="008">870804s1949    ir            000 0 ara d</marc:controlfield>
  <marc:datafield tag="035" ind1=" " ind2=" ">
    <marc:subfield code="a">(OCoLC)81295610</marc:subfield>
  </marc:datafield>
  <marc:datafield tag="040" ind1=" " ind2=" ">
    <marc:subfield code="a">NNU</marc:subfield>
    <marc:subfield code="c">ZYU</marc:subfield>
  </marc:datafield>
  <marc:datafield tag="100" ind1="1" ind2=" ">
    <marc:subfield code="6">01</marc:subfield>
    <marc:subfield code="a">Abū al-Faḍl al-Ṭihrānī, Mīrzā,</marc:subfield>
    <marc:subfield code="d">d. 1898.</marc:subfield>
  </marc:datafield>
  <marc:datafield tag="100" ind1="1" ind2=" ">
    <marc:subfield code="6">01</marc:subfield>
    <marc:subfield code="a">ابو الفضل الطهراني، ميرزا.</marc:subfield>
  </marc:datafield>
  <marc:datafield tag="240" ind1="0" ind2="0">
    <marc:subfield code="a">Poems</marc:subfield>
  </marc:datafield>
  <marc:datafield tag="245" ind1="1" ind2="0">
    <marc:subfield code="6">02</marc:subfield>
    <marc:subfield code="a">Dīwān Mīrzā Abī al-Faḍl al-Ṭihrānī /</marc:subfield>
    <marc:subfield code="c">dawwanahu wa-rattabahu wa-hadhdhabahu wa-ʻallaqa ḥawāshīhi wa-qaddama lahu wa-ʻuniyá bi-taṣḥīḥ ṭabʻah Jalāl al-Dīn al-Ḥusaynī al-mushtahar bi al-Muḥaddith.</marc:subfield>
  </marc:datafield>
  <marc:datafield tag="245" ind1="1" ind2="0">
    <marc:subfield code="6">02</marc:subfield>
    <marc:subfield code="a">ديوان ميرزا ابي الفضل الطهراني /</marc:subfield>
    <marc:subfield code="c">دونه ورتبه وهذبه وعلق حواشيه وقدم له وعنيى بتصحيح طبعة جلال الدين الحسيني المشتهر ب المحدث.</marc:subfield>
  </marc:datafield>
  <marc:datafield tag="260" ind1=" " ind2=" ">
    <marc:subfield code="6">03</marc:subfield>
    <marc:subfield code="a">Ṭihrān :</marc:subfield>
    <marc:subfield code="b">Jalab-i Rangīn,</marc:subfield>
    <marc:subfield code="c">1369 [1949]</marc:subfield>
  </marc:datafield>
  <marc:datafield tag="260" ind1=" " ind2=" ">
    <marc:subfield code="6">03</marc:subfield>
    <marc:subfield code="a">طهران :</marc:subfield>
    <marc:subfield code="b">جلبا رنگين،</marc:subfield>
    <marc:subfield code="c">1369 [1949]</marc:subfield>
  </marc:datafield>
  <marc:datafield tag="300" ind1=" " ind2=" ">
    <marc:subfield code="a">408 p. ;</marc:subfield>
    <marc:subfield code="c">21 cm.</marc:subfield>
  </marc:datafield>
  <marc:datafield tag="700" ind1="1" ind2=" ">
    <marc:subfield code="a">Muḥaddis̤, Jalāl al-Dīn,</marc:subfield>
    <marc:subfield code="d">1905 or 6-</marc:subfield>
  </marc:datafield>
</marc:record>
